% ------------------------------------------------------------------------
% SAMPLE BIBLIOGRAPHY FILE
% ------------------------------------------------------------------------

@MISC{prime-number-theorem,
   author = "Charles Louis Xavier Joseph de la Vall{\'e}e Poussin",
   note = "A strong form of the prime number theorem, 19th century" }

% ------------------------------------------------------------------------

@misc{one,
	author = {Luengo-Fernandez, R. and Landeiro, F.},
	title = {The Economic Burden of Dementia in the UK},
	year = {2022},
	url = {https://www.dementiastatistics.org/statistics/numbers-of-people-in-the-uk-2/}
}

@misc{two,
	author = {NHS},
	title = {{Menatl Health: Dementia}},
	howpublished = {\url{https://www.england.nhs.uk/mental-health/dementia/}},
	year = 2022,
	note = {Accessed: 2022-07-20}
}
@ARTICLE{three,
	author={Harvath, T.A. and Mongoven, J.M. and Bidwell, J.T. and Cothran, F.A. and Sexson, K.E. and Mason, D.J.}, 
	title={Research priorities in family caregiving: process and outcomes of a conference on family-centered care across the trajectory of serious illness}, 
	journal = {The Gerontologist},
	volume = {60},
	number = {Supplement 1},
	pages = {S5-S13},
	year = {2020},
	month = {02}
}
@ARTICLE{four,
	author={Garcia-Casal, J.A. and Loizeau, A. and Csipke, E. and Franco-Martin, M. and Perea-Bartolome, M.V. and Orrell, M.}, 
	title={Computer-based cognitive interventions for people living with dementia: a systematic literature review and meta-analysis}, 
	journal = {Aging Ment Health},
	volume = {21},
	number = {5},
	pages = {454-467},
	year = {2017}
}
@Article{five,
	author="Joddrell, Phil and Astell, Arlene J",
	title="Studies Involving People With Dementia and Touchscreen Technology: A Literature Review",
	journal="JMIR Rehabil Assist Technol",
	year="2016",
	month="Nov",
	day="04",
	volume="3",
	number="2",
	pages="e10"
}

@article{six,
	author = {Ruggiano, N. and Brown, E.L. and Li, J. and Scaccianoce, M.},
	title = {Rural Dementia Caregivers and Technology: What Is the Evidence?},
	journal = {Research in Gerontological Nursing},
	volume = {11},
	number = {4},
	pages = {216-224},
	year = {2018}
}

@Article{seven,
	author="Guo, Yuqi and Yang, Fan and Hu, Fei and Li, Wei and Ruggiano, Nicole and Lee, Hee Yun",
	title="Correction: Existing Mobile Phone Apps for Self-Care Management of People With Alzheimer Disease and Related Dementias: Systematic Analysis",
	journal="JMIR Aging",
	year="2020",
	month="May",
	day="19",
	volume="3",
	number="1",
	pages="e18754"
}

@ARTICLE{int1,
	author={Bharucha, A. J. and Anand, V. and Forlizzi, J. and Dew, M. A. and Reynolds, C. F. and Stevens, S. and Wactlar, H.}, 
	title={Intelligent assistive technology applications to dementia care: current capabilities, limitations, and future challenges}, 
	journal = {American Journal of Geriatric Psychiatry},
	volume = {17},
	number = {2},
	pages = {88–104},
	year = {2009}
}

@ARTICLE{int2,
	author={Maresova, P. and Tomsone, S. and Lameski, P. and Madureira, J. and Mendes, A. and Zdravevski, E. and Chorbev, I. and Trajkovik, V. and Ellen, M. and Rodile, K.}, 
	title={Technological Solutions for Older People with Alzheimer's Disease: Review}, 
	journal = {Curr Alzheimer Res.},
	volume = {15},
	number = {10},
	pages = {975–983},
	year = {2018}
}
@ARTICLE{prob1,
	author={Hattink, B. J. and Meiland, F.J. and Overmars-Marx, T.}, 
	title={The electronic, personalizable rosetta system for dementia care: Exploring the user-friendliness, usefulness and impact}, 
	journal = {Disabil Rehabil Assist Technol},
	volume = {11},
	number = {1},
	pages = {61-71},
	year = {2016}
}
@ARTICLE{prob2,
	author={Hersh, W.}, 
	title={Information Retrieval: A Health and Biomedical Perspective}, 
	journal = {Springer},
	year = {2009}
}

@ARTICLE{prob3,
	author={Lindberg, D.A. and Humphreys, B.L.}, 
	title={2015-The future of medical libraries}, 
	journal = {New England Journal of Medicine},
	volume = {352},
	number = {11},
	pages = {1067–1070},
	year = {2005}
}

@inproceedings{chat1,
	title={Why People Use Chatbots},
	author={Petter Bae Brandtz{\ae}g and Asbj{\o}rn F{\o}lstad},
	booktitle={INSCI},
	year={2017}
}

@article{chat2,
	title = {Survey on Chatbot Design Techniques in Speech Conversation Systems},
	journal = {International Journal of Advanced Computer Science and Applications},
	year = {2015},
	publisher = {The Science and Information Organization},
	volume = {6},
	number = {7},
	author = {Sameera A. Abdul-Kader and Dr. John Woods}
} 
@Article{chat3,
	author="Ruggiano, Nicole
	and Brown, Ellen L
	and Roberts, Lisa
	and Framil Suarez, C Victoria
	and Luo, Yan
	and Hao, Zhichao
	and Hristidis, Vagelis",
	title="Chatbots to Support People With Dementia and Their Caregivers: Systematic Review of Functions and Quality",
	journal="J Med Internet Res",
	year="2021",
	month="Jun",
	day="3",
	volume="23",
	number="6",
	pages="e25006",
	issn="1438-8871"
}

@ARTICLE{am1,
	author={Markovitz, B.}, 
	title={Biomedicine on the Net: Where to Start?}, 
	journal = {Care Med},
	volume = {15},
	number = {59},
	year = {2000}
}

@inproceedings{am2,
	author = {Murray, M.},
	title = {An Investigation of Specifications for Migrating to a Web Portal Framework for the Dissemination of Health Information within a Portal Health Network},
	booktitle = {35th Hawaii International Conference on System Sciences},
	year = {2002},
	publisher = {IEEE}
}

@InProceedings{lit1,
	author={Pollack, Martha E.},
	title={Intelligent Assistive Technology: The Present and the Future},
	booktitle={User Modeling 2007},
	year={2007},
	publisher={Springer Berlin Heidelberg},
	pages={5-6}
}
@INPROCEEDINGS{lit2,
	author={Moore, Philip and Xhafa, Fatos and Barolli, Leonard and Thomas, Andrew},
	booktitle={2013 Eighth International Conference on P2P, Parallel, Grid, Cloud and Internet Computing}, 
	title={Monitoring and Detection of Agitation in Dementia: Towards Real-Time and Big-Data Solutions}, 
	year={2013},
	volume={},
	number={},
	pages={128-135}
}
@ARTICLE{lit3,
	author={Mihailidis, A. and Fernie, G. R. and Barbenel, J. C.}, 
	title={The use of artiﬁcial intelligence in the design of an intelligent cognitive orthosis for people with dementia}, 
	journal = {Assistive Technology},
	volume = {13},
	number = {1},
	pages = {23-39},
	year = {2001}
}
@ARTICLE{lit4,
	author={Esposito, M. and Falco, I. and Pietro, G.}, 
	title={An evolutionary fuzzy dss for assessing health status in multiple sclerosis disease}, 
	journal = {International journal of medical informatics},
	volume = {80},
	number = {12},
	pages = {e245-e254},
	year = {2011}
}
@ARTICLE{lit5,
	author={Mago, V.K. and Mehta, R. and Woolrych, R. and Papageorgiou, E.I.}, 
	title={Supporting meningitis diagnosis amongst infants and children through the use of
	fuzzy cognitive mapping}, 
	journal = {BMC medical informatics and decision making},
	volume = {22},
	number = {1},
	pages = {98},
	year = {2012}
}

@article{lit.ch1,
	author = {Laranjo, Liliana and Dunn, Adam G and Tong, Huong Ly and Kocaballi, Ahmet Baki and Chen, Jessica and Bashir, Rabia and Surian, Didi and Gallego, Blanca and Magrabi, Farah and Lau, Annie Y S and Coiera, Enrico},
	title = {Conversational agents in healthcare: a systematic review},
	journal = {Journal of the American Medical Informatics Association},
	volume = {25},
	number = {9},
	pages = {1248-1258},
	year = {2018},
	month = {07},
	issn = {1527-974X}
}
@inproceedings{lit.ch2,
	title = "Different measurement metrics to evaluate a chatbot system",
	author = "Abu Shawar, Bayan  and
	Atwell, Eric",
	booktitle = "Proceedings of the Workshop on Bridging the Gap: Academic and Industrial Research in Dialog Technologies",
	month = apr,
	year = "2007",
	address = "Rochester, NY",
	publisher = "Association for Computational Linguistics",
	url = "https://aclanthology.org/W07-0313",
	pages = "89--96",
}
@inproceedings{lit.ch3,
	author = {Fadhil, Ahmed and Gabrielli, Silvia},
	title = {Addressing Challenges in Promoting Healthy Lifestyles: The al-Chatbot Approach},
	year = {2017},
	isbn = {9781450363631},
	publisher = {Association for Computing Machinery},
	address = {New York, NY, USA},
	doi = {10.1145/3154862.3154914},
	booktitle = {Proceedings of the 11th EAI International Conference on Pervasive Computing Technologies for Healthcare},
	pages = {261–265},
	numpages = {5},
	location = {Barcelona, Spain},
	series = {PervasiveHealth '17}
}
@inproceedings{lit.ch4,
	title = "{SHIH}bot: A {F}acebook chatbot for Sexual Health Information on {HIV}/{AIDS}",
	author = "Brixey, Jacqueline  and
	Hoegen, Rens  and
	Lan, Wei  and
	Rusow, Joshua  and
	Singla, Karan  and
	Yin, Xusen  and
	Artstein, Ron  and
	Leuski, Anton",
	booktitle = "Proceedings of the 18th Annual {SIG}dial Meeting on Discourse and Dialogue",
	month = aug,
	year = "2017",
	address = {Saarbr{\"u}cken, Germany},
	publisher = "Association for Computational Linguistics",
	doi = "10.18653/v1/W17-5544",
	pages = "370--373"
}
@inproceedings{lit.ch5,
	title={A Conversational Agent for an Online Mental Health Intervention},
	author={Danielle Elmasri and Anthony John Maeder},
	booktitle={BIH},
	year={2016}
}
@INPROCEEDINGS{lit.ch6,
	author={Huang, Chin-Yuan and Yang, Ming-Chin and Huang, Chin-Yu and Chen, Yu-Jui and Wu, Meng-Lin and Chen, Kai-Wen},
	booktitle={2018 IEEE International Conference on Industrial Engineering and Engineering Management (IEEM)}, 
	title={A Chatbot-supported Smart Wireless Interactive Healthcare System for Weight Control and Health Promotion}, 
	year={2018},
	pages={1791-1795},
	doi={10.1109/IEEM.2018.8607399}
}
@article{lit.ch7,
	author = {Vaidyam, A. N. and Wisniewski, H. and Halamka, J. D. and Kashavan, M. S. and Torous, J. B. },
	title = {Chatbots and Conversational Agents in Mental Health: A Review of the Psychiatric Landscape},
	journal = {Canadian journal of psychiatry},
	volume = {64},
	number = {7},
	pages = {456-464},
	year = {2019},
	month = {07}
}
@article{lit.ch8,
	title = {A smartphone Chatbot application to optimize monitoring of older patients with cancer},
	journal = {International Journal of Medical Informatics},
	volume = {128},
	pages = {18-23},
	year = {2019},
	issn = {1386-5056},
	doi = {https://doi.org/10.1016/j.ijmedinf.2019.05.013},
	author = {Antoine Piau and Rachel Crissey and Delphine Brechemier and Laurent Balardy and Fati Nourhashemi}
}
@article{lit.kn1,
	author    = {Rohan Kar and
	Rishin Haldar},
	title     = {Applying Chatbots to the Internet of Things: Opportunities and Architectural
	Elements},
	journal   = {CoRR},
	volume    = {abs/1611.03799},
	year      = {2016},
	eprinttype = {arXiv},
	eprint    = {1611.03799}
}
@article{lit.fo1,
	author = {Crocco, Anthony G. and Villasis-Keever, Miguel and Jadad, Alejandro R.},
	title = "{Analysis of Cases of Harm Associated With Use of Health Information on the Internet}",
	journal = {JAMA},
	volume = {287},
	number = {21},
	pages = {2869-2871},
	year = {2002},
	month = {06},
	issn = {0098-7484},
	doi = {10.1001/jama.287.21.2869}
}
@article{lit.fo2,
	author = {Armstrong, Natalie and Powell, John},
	title = {Patient perspectives on health advice posted on Internet discussion boards: a qualitative study},
	journal = {Health Expectations},
	volume = {12},
	number = {3},
	pages = {313-320},
	doi = {https://doi.org/10.1111/j.1369-7625.2009.00543.x},
	year = {2009}
}
@article{lit.fo3,
	author = {Osman Hassan Ahmed and S. John Sullivan and Anthony G. Schneiders and Paul Mccrory},
	title = {iSupport: do social networking sites have a role to play in concussion awareness?},
	journal = {Disability and Rehabilitation},
	volume = {32},
	number = {22},
	pages = {1877-1883},
	year  = {2010},
	publisher = {Taylor & Francis},
	doi = {10.3109/09638281003734409},
	note ={PMID: 20367328}
}
@Article{lit.fo4,
	author="Moorhead, S Anne
	and Hazlett, Diane E
	and Harrison, Laura
	and Carroll, Jennifer K
	and Irwin, Anthea
	and Hoving, Ciska",
	title="A New Dimension of Health Care: Systematic Review of the Uses, Benefits, and Limitations of Social Media for Health Communication",
	journal="J Med Internet Res",
	year="2013",
	month="Apr",
	day="23",
	volume="15",
	number="4",
	pages="e85",
	issn="14388871",
	doi="10.2196/jmir.1933"
}

@article{lit.fo5,
	title={Social media use among patients and caregivers: a scoping review},
	author={Hamm, Michele P and Chisholm, Annabritt and Shulhan, Jocelyn and Milne, Andrea and Scott, Shannon D and Given, Lisa M and Hartling, Lisa},
	journal={BMJ open},
	volume={3},
	number={5},
	pages={e002819},
	year={2013},
	publisher={British Medical Journal Publishing Group}
}
@article{lit.fo6,
	title={Implications for Research Methods When Conducting Studies With the Users of Online Health Communities.},
	author={Bond, Carol S. and Ahmed, Osman H. and Hind, M.},
	journal={CIN: Computers, Informatics, Nursing},
	volume={32},
	number={3},
	pages={101-104},
	year={2014}
}
@article{lit.fo7,
	title={Implications for Research Methods When Conducting Studies With the Users of Online Health Communities.},
	author={Brown S.E. and Altice, F.L.},
	journal={Subst Use Misuse},
	volume={49},
	number={8},
	pages={1017-24},
	year={2014}
}
@article{lit.fo8,
	title={Internet accounts of serious adverse drug reactions: a study of experiences of Stevens-Johnson syndrome and toxic epidermal necrolysis},
	author={Butt, T.F. and Cox, A.R. and Oyebode, J.R. and Ferner, R.E.},
	journal={Drug Saf},
	volume={35},
	number={12},
	pages={1159-70},
	year={2012}
}

@article{lit.fo9,
	title = {An Evaluation of an Online Peer Support Forum for University Students With Depressive Symptoms},
	journal = {Archives of Psychiatric Nursing},
	volume = {27},
	number = {2},
	pages = {84-89},
	year = {2013},
	issn = {0883-9417},
	author = {Aine Horgan and Geraldine McCarthy and John Sweeney}
}
@article{lit.fo10,
	title={Survey and online discussion groups to develop a patient-rated outcome measure on acceptability of treatment response in vitiligo},
	author={Tour, Selina K and Thomas, Kim S and Walker, Dawn-Marie and Leighton, Paul and Yong, Adrian SW and Batchelor, Jonathan M},
	journal={BMC dermatology},
	volume={14},
	number={1},
	pages={1--12},
	year={2014},
	publisher={BioMed Central}
}
@article{lit.fo12,
	title={Investigating the purpose of an online discussion group for health professionals: a case example from forensic occupational therapy},
	author={Dieleman, Crystal and Duncan, Edward AS},
	journal={BMC health services research},
	volume={13},
	number={1},
	pages={1--8},
	year={2013},
	publisher={BioMed Central}
}
@INPROCEEDINGS{ana1,
	author={Shahzad, Basit and Ullah, Ihsan and Khan, Naveed},
	booktitle={2009 International Conference on Information and Multimedia Technology},
	title={Software Risk Identification and Mitigation in Incremental Model},
	year={2009},
	pages={366-370}
}

@misc{web,
	author = {Chi, Cliford},
	title = {{What is Website Architecture? 8 Easy Ways to Improve Your Site Structuring}},
	howpublished = {\url{https://blog.hubspot.com/marketing/website-architecture}},
	year = 2021,
	note = {Accessed: 2022-07-20}
}

@ARTICLE{leg1,
	author={Rashidi, P., and Mihailidis, A.}, 
	title={A survey on ambient-assisted living tools for older adults}, 
	journal = {Journal of Biomedical and Health Informatics},
	publisher = {IEE},
	volume = {17},
	number = {3},
	pages = {579-590},
	year = {2013}
}

@InProceedings{leg2,
	author={Felzmann, H. and Murphy, K. and Casey, D. and Beyan, O.},
	title={Robot-assisted care for elderly with dementia: is there a potential for genuine end-user empowerment.},
	booktitle={10th ACM/IEEE international conference on human–robot interaction},
	year={2015}
}

@ARTICLE{leg3,
	author={Mahoney, D. F. and Purtilo, R. B. and Webbe, F. M. and Alwan, M. and Bharucha, A. J. and Adlam, T. D. and Jimison, H. B. and Turner, B. and Becker, S. A.}, 
	title={In-home monitoring of persons with dementia: Ethical guidelines for technology research and development}, 
	journal = {Alzheimer's and Dementia},
	volume = {3},
	number = {3},
	pages = {217–226},
	year = {2007}
}

@ARTICLE{leg4,
	author={Sifford, K. S. and Bharucha, A.}, 
	title={Beneﬁts and challenges of electronic surveillance in nursing home research}, 
	journal = {Research in Gerontological Nursing},
	volume = {3},
	number = {1},
	pages = {5-10},
	year = {2010}
}

% ------------------------------------------------------------------------
